<record xmlns="http://www.loc.gov/MARC21/slim" xmlns:xsi="http://www.w3.org/2001/XMLSchema-instance" xsi:schemaLocation="http://www.loc.gov/MARC21/slim http://www.loc.gov/standards/marcxml/schema/MARC21slim.xsd"><leader>00000nam  2200000   4500</leader><controlfield tag="001">951004010X</controlfield><controlfield tag="008">910616s1973    fi            ||| | fin  </controlfield><datafield ind1=" " ind2=" " tag="020"><subfield code="a">951004010X</subfield><subfield code="q">pehme&#228;kantinen</subfield></datafield><datafield ind1="1" ind2=" " tag="041"><subfield code="a">fin</subfield><subfield code="h">swe</subfield></datafield><datafield ind1=" " ind2=" " tag="080"><subfield code="a">839.79-3</subfield></datafield><datafield ind1=" " ind2=" " tag="084"><subfield code="a">85.12</subfield><subfield code="2">ykl</subfield></datafield><datafield ind1=" " ind2=" " tag="091"><subfield code="a">90</subfield></datafield><datafield ind1=" " ind2=" " tag="092"><subfield code="a">1.7</subfield></datafield><datafield ind1=" " ind2=" " tag="094"><subfield code="a">1.7</subfield></datafield><datafield ind1=" " ind2=" " tag="095"><subfield code="a">1.7</subfield></datafield><datafield ind1=" " ind2=" " tag="097"><subfield code="a">85.12</subfield></datafield><datafield ind1="1" ind2=" " tag="100"><subfield code="a">Jansson, Tove,</subfield><subfield code="e">kirjoittaja.</subfield><subfield code="0">(FI-ASTERI-N)000045590</subfield></datafield><datafield ind1="1" ind2="0" tag="240"><subfield code="a">Trollvinter,</subfield><subfield code="l">suomi</subfield></datafield><datafield ind1="1" ind2="0" tag="245"><subfield code="a">Taikatalvi /</subfield><subfield code="c">Tove Jansson ; suom. Laila J&#228;rvinen</subfield></datafield><datafield ind1=" " ind2=" " tag="250"><subfield code="a">4. painos</subfield></datafield><datafield ind1=" " ind2=" " tag="260"><subfield code="a">[Porvoo] :</subfield><subfield code="a">[Helsinki] :</subfield><subfield code="b">WSOY,</subfield><subfield code="c">1973</subfield></datafield><datafield ind1=" " ind2=" " tag="300"><subfield code="a">131, [2] sivua :</subfield><subfield code="b">kuvitettu</subfield></datafield><datafield ind1=" " ind2=" " tag="336"><subfield code="a">teksti</subfield><subfield code="b">txt</subfield><subfield code="2">rdacontent</subfield></datafield><datafield ind1=" " ind2=" " tag="337"><subfield code="a">k&#228;ytett&#228;viss&#228; ilman laitetta</subfield><subfield code="b">n</subfield><subfield code="2">rdamedia</subfield></datafield><datafield ind1=" " ind2=" " tag="338"><subfield code="a">nide</subfield><subfield code="b">nc</subfield><subfield code="2">rdacarrier</subfield></datafield><datafield ind1=" " ind2=" " tag="500"><subfield code="a">Tekij&#228;n kuvittama</subfield></datafield><datafield ind1="0" ind2="4" tag="600"><subfield code="a">Muumipeikko</subfield><subfield code="c">(fiktiivinen hahmo)</subfield></datafield><datafield ind1=" " ind2="7" tag="650"><subfield code="a">talvi</subfield><subfield code="2">kauno/fin</subfield><subfield code="0">http://www.yso.fi/onto/kauno/p2318</subfield></datafield><datafield ind1=" " ind2="7" tag="650"><subfield code="a">muumit</subfield><subfield code="2">kauno/fin</subfield><subfield code="0">http://www.yso.fi/onto/kauno/p3969</subfield></datafield><datafield ind1=" " ind2="7" tag="650"><subfield code="a">seikkailu</subfield><subfield code="2">kauno/fin</subfield><subfield code="0">http://www.yso.fi/onto/kauno/p2904</subfield></datafield><datafield ind1=" " ind2="4" tag="651"><subfield code="a">Muumilaakso (fiktiivinen paikka)</subfield></datafield><datafield ind1=" " ind2="7" tag="655"><subfield code="a">lastenkirjallisuus</subfield><subfield code="2">slm/fin</subfield><subfield code="0">http://urn.fi/URN:NBN:fi:au:slm:s1181</subfield></datafield><datafield ind1=" " ind2="7" tag="655"><subfield code="a">kaunokirjallisuus</subfield><subfield code="2">slm/fin</subfield><subfield code="0">http://urn.fi/URN:NBN:fi:au:slm:s975</subfield></datafield><datafield ind1=" " ind2="7" tag="655"><subfield code="a">saturomaanit</subfield><subfield code="2">slm/fin</subfield><subfield code="0">http://urn.fi/URN:NBN:fi:au:slm:s981</subfield></datafield><datafield ind1=" " ind2="7" tag="655"><subfield code="a">ruotsinkielinen kirjallisuus</subfield><subfield code="2">local</subfield></datafield><datafield ind1=" " ind2="7" tag="655"><subfield code="a">k&#228;&#228;nn&#246;kset</subfield><subfield code="2">slm/fin</subfield><subfield code="0">http://urn.fi/URN:NBN:fi:au:slm:s1044</subfield></datafield><datafield ind1="1" ind2=" " tag="700"><subfield code="a">J&#228;rvinen, Laila,</subfield><subfield code="e">k&#228;&#228;nt&#228;j&#228;</subfield></datafield><datafield ind1="2" ind2=" " tag="710"><subfield code="a">Werner S&#246;derstr&#246;m osakeyhti&#246;,</subfield><subfield code="e">kustantaja.</subfield><subfield code="0">(FI-ASTERI-N)000006477</subfield></datafield><datafield ind1=" " ind2=" " tag="852"><subfield code="x">Helsingin luokanmuutos 23.4.2026</subfield></datafield></record>